<record xmlns="http://www.loc.gov/MARC21/slim">
   <leader>01710cam a2200433Mi 45 0</leader>
   <controlfield tag="001">6808091</controlfield>
   <controlfield tag="003">OCoLC</controlfield>
   <controlfield tag="005">20150219153547.0</controlfield>
   <controlfield tag="008">150114s20152013abca          000 0 eng d</controlfield>
   <datafield ind1=" " ind2=" " tag="020">
      <subfield code="a">9781770444096 (softcover)</subfield>
   </datafield>
   <datafield ind1=" " ind2=" " tag="020">
      <subfield code="a">1770444092 (softcover)</subfield>
   </datafield>
   <datafield ind1=" " ind2=" " tag="035">
      <subfield code="a">ocn902717067</subfield>
   </datafield>
   <datafield ind1=" " ind2=" " tag="040">
      <subfield code="a">TRACS</subfield>
      <subfield code="b">eng</subfield>
      <subfield code="e">rda</subfield>
      <subfield code="c">TRACS</subfield>
      <subfield code="d">OCLCO</subfield>
      <subfield code="d">AFMK</subfield>
   </datafield>
   <datafield ind1="1" ind2="4" tag="082">
      <subfield code="a">510</subfield>
   </datafield>
   <datafield ind1=" " ind2=" " tag="090">
      <subfield code="a">QA 139 K5 2015</subfield>
      <subfield code="b">AFMK</subfield>
   </datafield>
   <datafield ind1="0" ind2="4" tag="245">
      <subfield code="a">The key student study guide.</subfield>
      <subfield code="p">Mathematics 30-2.</subfield>
   </datafield>
   <datafield ind1="3" ind2="4" tag="246">
      <subfield code="a">Key student study guide.</subfield>
      <subfield code="p">Math 30-2</subfield>
   </datafield>
   <datafield ind1="3" ind2="4" tag="246">
      <subfield code="a">Student study guide.</subfield>
      <subfield code="p">Mathematics 30-2</subfield>
   </datafield>
   <datafield ind1="3" ind2="0" tag="246">
      <subfield code="a">Student study guide.</subfield>
      <subfield code="p">Math 30-2</subfield>
   </datafield>
   <datafield ind1="3" ind2="4" tag="246">
      <subfield code="a">Key study guide.</subfield>
      <subfield code="p">Mathematics 30-2</subfield>
   </datafield>
   <datafield ind1="3" ind2="0" tag="246">
      <subfield code="a">Key study guide.</subfield>
      <subfield code="p">Math 30-2</subfield>
   </datafield>
   <datafield ind1="3" ind2="4" tag="246">
      <subfield code="a">Mathematics 30-2</subfield>
   </datafield>
   <datafield ind1="3" ind2="0" tag="246">
      <subfield code="a">Math 30-2</subfield>
   </datafield>
   <datafield ind1=" " ind2=" " tag="250">
      <subfield code="a">2015 Alberta ed.</subfield>
   </datafield>
   <datafield ind1=" " ind2="1" tag="264">
      <subfield code="a">Edmonton, AB :</subfield>
      <subfield code="b">Castle Rock Research Corporation,</subfield>
      <subfield code="c">2015.</subfield>
   </datafield>
   <datafield ind1=" " ind2="4" tag="264">
      <subfield code="c">©2013</subfield>
   </datafield>
   <datafield ind1=" " ind2=" " tag="300">
      <subfield code="a">iv, 232 pages :</subfield>
      <subfield code="b">illustrations ;</subfield>
      <subfield code="c">28 cm</subfield>
   </datafield>
   <datafield ind1=" " ind2=" " tag="336">
      <subfield code="a">text</subfield>
      <subfield code="2">rdacontent</subfield>
   </datafield>
   <datafield ind1=" " ind2=" " tag="337">
      <subfield code="a">unmediated</subfield>
      <subfield code="2">rdamedia</subfield>
   </datafield>
   <datafield ind1=" " ind2=" " tag="338">
      <subfield code="a">volume</subfield>
      <subfield code="2">rdacarrier</subfield>
   </datafield>
   <datafield ind1=" " ind2=" " tag="500">
      <subfield code="a">"100% aligned with the Alberta curriculum"--cover.</subfield>
   </datafield>
   <datafield ind1=" " ind2=" " tag="500">
      <subfield code="a">Includes practice questions and tests.</subfield>
   </datafield>
   <datafield ind1=" " ind2="0" tag="650">
      <subfield code="a">Mathematics</subfield>
      <subfield code="x">Examinations</subfield>
      <subfield code="v">Study guides.</subfield>
   </datafield>
   <datafield ind1=" " ind2="0" tag="650">
      <subfield code="a">Mathematics</subfield>
      <subfield code="x">Study and teaching (Secondary)</subfield>
      <subfield code="z">Alberta.</subfield>
   </datafield>
   <datafield ind1=" " ind2="0" tag="650">
      <subfield code="a">Educational tests and measurements</subfield>
      <subfield code="z">Alberta.</subfield>
   </datafield>
   <datafield ind1=" " ind2="0" tag="830">
      <subfield code="a">Key (Castle Rock Research Corp.)</subfield>
   </datafield>
   <datafield ind1=" " ind2=" " tag="596">
      <subfield code="a">8</subfield>
   </datafield>
   <datafield ind1=" " ind2=" " tag="926">
      <subfield code="a">QA 139 K5 2015</subfield>
      <subfield code="w">LC</subfield>
      <subfield code="c">1</subfield>
      <subfield code="i">34917001372643</subfield>
      <subfield code="l">KSCENTRE</subfield>
      <subfield code="m">KEYANO</subfield>
      <subfield code="p">$34.95</subfield>
      <subfield code="r">Y</subfield>
      <subfield code="s">Y</subfield>
      <subfield code="t">BOOK</subfield>
      <subfield code="u">2/3/2015</subfield>
      <subfield code="o">.STAFF. Rec'd Feb/15 Castle, 2nd copy KSCENTRE; 40% discount 2 copies for 34.95</subfield>
   </datafield>
   <datafield ind1=" " ind2=" " tag="926">
      <subfield code="a">QA 139 K5 2015</subfield>
      <subfield code="w">LC</subfield>
      <subfield code="c">2</subfield>
      <subfield code="i">34917001372791</subfield>
      <subfield code="d">3/3/2017</subfield>
      <subfield code="e">2/20/2017</subfield>
      <subfield code="l">ON_SHELF</subfield>
      <subfield code="m">KEYANO</subfield>
      <subfield code="n">9</subfield>
      <subfield code="q">1</subfield>
      <subfield code="r">Y</subfield>
      <subfield code="s">Y</subfield>
      <subfield code="t">BOOK</subfield>
      <subfield code="u">2/18/2015</subfield>
   </datafield>
</record>
